% This file was created with JabRef 2.9.2.
% Encoding: UTF8
% pdflatex thesis.tex
% bibtex thesis.aux
% pdflatex thesis.tex


@ARTICLE{Chatrchyan:2014fea,
  author = {Chatrchyan, Serguei and others},
  title = {Description and performance of track and primary-vertex reconstruction with the {CMS} tracker},
  journal = {JINST},
  year = {2014},
  volume = {9},
  pages = {P10009},
  number = {10},
  archiveprefix = {arXiv},
  collaboration = {CMS},
  doi = {10.1088/1748-0221/9/10/P10009},
  eprint = {1405.6569},
  primaryclass = {physics.ins-det},
  reportnumber = {CMS-TRK-11-001, CERN-PH-EP-2014-070},
  slaccitation = {%%CITATION = ARXIV:1405.6569;%%},
  timestamp = {2016.05.01}
}

@TECHREPORT{CMS:2010xta,
  author = {{CMS Collaboration}},
  title = {Jet Performance in pp Collisions at $\sqrt{s}=7\,${TeV}},
  institution = {CERN},
  year = {2010},
  collaboration = {CMS},
  reportnumber = {CMS-PAS-JME-10-003},
  review = {Particle-flow, PF jet ID},
  slaccitation = {%%CITATION = CMS-PAS-JME-10-003;%%},
  timestamp = {2016.05.01},
  url = {http://cdsweb.cern.ch/record/1279362}
}

@ARTICLE{Mrenna:2003if,
  author = {Mrenna, Stephen and Richardson, Peter},
  title = {Matching matrix elements and parton showers with {HERWIG} and {PYTHIA}},
  journal = {JHEP},
  year = {2004},
  volume = {05},
  pages = {040},
  archiveprefix = {arXiv},
  doi = {10.1088/1126-6708/2004/05/040},
  eprint = {hep-ph/0312274},
  primaryclass = {hep-ph},
  reportnumber = {FERMILAB-PUB-03-181},
  review = {Comparison of CKKW, pseudo-shower, and MLM matching for Pythia and Herwig},
  slaccitation = {%%CITATION = HEP-PH/0312274;%%},
  timestamp = {2016.05.01}
}

@TECHREPORT{CMS-DP-2013-033,
  author = {{CMS Collaboration}},
  title = {8 {TeV} Jet Energy Corrections and Uncertainties based on 19.8 fb$^{-1}$ of data in CMS},
  institution = {CERN},
  year = {2013},
  month = oct,
  collaboration = {CMS},
  reportnumber = {CMS-DP-2013-033, CERN-CMS-DP-2013-033},
  review = {CMS JEC & JER 8 TeV 2012, jet energy calibration, jet energy resolution},
  slaccitation = {%%CITATION = CMS-DP-2013-033;%%},
  timestamp = {2016.01.31},
  url = {http://cds.cern.ch/record/1627305}
}

@ARTICLE{Adam:2005zf,
  author = {Adam, W. and others},
  title = {The CMS high level trigger},
  journal = {Eur. Phys. J. C},
  year = {2006},
  volume = {46},
  pages = {605},
  archiveprefix = {arXiv},
  collaboration = {CMS Trigger and Data Acquisition Group},
  doi = {10.1140/epjc/s2006-02495-8},
  eprint = {hep-ex/0512077},
  primaryclass = {hep-ex},
  review = {CMS trigger reference},
  slaccitation = {%%CITATION = HEP-EX/0512077;%%},
  timestamp = {2016.01.17}
}

@TECHREPORT{CMS:2009nxa,
  author = {{CMS Collaboration}},
  title = {Particle-Flow Event Reconstruction in {CMS} and Performance for Jets, Taus, and {MET}},
  institution = {CERN},
  year = {2009},
  collaboration = {CMS},
  reportnumber = {CMS-PAS-PFT-09-001},
  review = {Particle flow reference},
  slaccitation = {%%CITATION = CMS-PAS-PFT-09-001;%%},
  timestamp = {2015.12.23},
  url = {http://cds.cern.ch/record/1194487}
}

@TECHREPORT{CMS:2010aua,
  author = {{CMS Collaboration}},
  title = {Particle-flow commissioning with muons and electrons from {J/Psi} and {W} events at 7 {TeV}},
  institution = {CERN},
  year = {2010},
  collaboration = {CMS},
  reportnumber = {CMS-PAS-PFT-10-003},
  slaccitation = {%%CITATION = CMS-PAS-PFT-10-003;%%},
  timestamp = {2015.12.23},
  url = {http://cds.cern.ch/record/1279347}
}

@ARTICLE{Harland-Lang:2014zoa,
  author = {Harland-Lang, L.A. and Martin, A.D. and Motylinski, P. and Thorne, R.S.},
  title = {Parton distributions in the {LHC} era: {MMHT} 2014 {PDFs}},
  journal = {Eur. Phys. J. C},
  year = {2015},
  volume = {75},
  pages = {204},
  number = {5},
  archiveprefix = {arXiv},
  doi = {10.1140/epjc/s10052-015-3397-6},
  eprint = {1412.3989},
  primaryclass = {hep-ph},
  reportnumber = {LCTS-2014-47, IPPP-14-97, DCPT-14-194},
  slaccitation = {%%CITATION = ARXIV:1412.3989;%%},
  timestamp = {2015.07.13}
}

@TECHREPORT{CMS:2013gfa,
  author = {{CMS Collaboration}},
  title = {{CMS} Luminosity Based on Pixel Cluster Counting - Summer 2013 Update},
  institution = {CERN},
  year = {2013},
  collaboration = {CMS},
  reportnumber = {CMS-PAS-LUM-13-001},
  slaccitation = {%%CITATION = CMS-PAS-LUM-13-001 ETC.;%%},
  timestamp = {2015.06.22},
  url = {http://cds.cern.ch/record/1598864}
}

@ARTICLE{Aad:2014vwa,
  author = {Aad, Georges and others},
  title = {Measurement of the inclusive jet cross-section in proton-proton collisions at $\sqrt{s}=7$ {TeV} using 4.5 fb$^{-1}$ of data with the {ATLAS} detector},
  journal = {JHEP},
  year = {2015},
  volume = {02},
  pages = {153},
  archiveprefix = {arXiv},
  collaboration = {ATLAS},
  doi = {10.1007/JHEP02(2015)153},
  eprint = {1410.8857},
  primaryclass = {hep-ex},
  reportnumber = {CERN-PH-EP-2014-155},
  slaccitation = {%%CITATION = ARXIV:1410.8857;%%},
  timestamp = {2015.03.10}
}

@ARTICLE{Buckley:2014ana,
  author = {Buckley, Andy and Ferrando, James and Lloyd, Stephen and Nordstr{\"o}m, Karl and Page, Ben and R{\"u}fenacht, Martin and Sch{\"o}nherr, Marek and Watt, Graeme},
  title = {{LHAPDF6}: parton density access in the {LHC} precision era},
  journal = {Eur. Phys. J.},
  year = {2015},
  volume = {C75},
  pages = {132},
  archiveprefix = {arXiv},
  doi = {10.1140/epjc/s10052-015-3318-8},
  eprint = {1412.7420},
  primaryclass = {hep-ph},
  reportnumber = {GLAS-PPE-2014-05, MCNET-14-29, IPPP-14-111, DCPT-14-222},
  review = {LHAPDF reference 2, LHAPDF6 reference},
  slaccitation = {%%CITATION = ARXIV:1412.7420;%%},
  timestamp = {2015.02.17}
}

@article{Khachatryan:2014waa,
      author         = "Khachatryan, Vardan and others",
      title          = "{Constraints on parton distribution functions and
                        extraction of the strong coupling constant from the
                        inclusive jet cross section in pp collisions at $\sqrt{s}
                        = 7$ $\,\text {TeV}$}",
      collaboration  = "CMS",
      journal        = "Eur. Phys. J.",
      volume         = "C75",
      year           = "2015",
      number         = "6",
      pages          = "288",
      doi            = "10.1140/epjc/s10052-015-3499-1",
      eprint         = "1410.6765",
      archivePrefix  = "arXiv",
      primaryClass   = "hep-ex",
      reportNumber   = "CMS-SMP-12-028, CERN-PH-EP-2014-238",
      SLACcitation   = "%%CITATION = ARXIV:1410.6765;%%"
}

@ARTICLE{Chatrchyan:2014gia,
  author = {Chatrchyan, Serguei and others},
  title = {Measurement of the ratio of inclusive jet cross sections using the anti-$k_T$ algorithm with radius parameters $R = 0.5$ and $0.7$ in pp collisions at $\sqrt{s}$ = 7 {TeV}},
  journal = {Phys. Rev. D},
  year = {2014},
  volume = {90},
  pages = {072006},
  archiveprefix = {arXiv},
  collaboration = {CMS},
  doi = {10.1103/PhysRevD.90.072006},
  eprint = {1406.0324},
  primaryclass = {hep-ex},
  reportnumber = {CMS-SMP-13-002, CERN-PH-EP-2014-068},
  slaccitation = {%%CITATION = ARXIV:1406.0324;%%},
  timestamp = {2014.09.15}
}

@ARTICLE{Badger:2013yda,
  author = {Badger, Simon and Biedermann, Benedikt and Uwer, Peter and Yundin, Valery},
  title = {Next-to-leading order {QCD} corrections to five jet production at the {LHC}},
  journal = {Phys. Rev. D},
  year = {2014},
  volume = {89},
  pages = {034019},
  archiveprefix = {arXiv},
  doi = {10.1103/PhysRevD.89.034019},
  eprint = {1309.6585},
  primaryclass = {hep-ph},
  review = {5-jets NLO, n-jets, alpha_s from ratios},
  slaccitation = {%%CITATION = ARXIV:1309.6585;%%},
  timestamp = {2013.10.07}
}

@ARTICLE{Alwall:2011uj,
  author = {Alwall, Johan and Herquet, Michel and Maltoni, Fabio and Mattelaer, Olivier and Stelzer, Tim},
  title = {{MadGraph} 5 : Going Beyond},
  journal = {JHEP},
  year = {2011},
  volume = {06},
  pages = {128},
  archiveprefix = {arXiv},
  doi = {10.1007/JHEP06(2011)128},
  eprint = {1106.0522},
  primaryclass = {hep-ph},
  reportnumber = {FERMILAB-PUB-11-448-T},
  review = {MadGraph 5 reference},
  slaccitation = {%%CITATION = ARXIV:1106.0522;%%},
  timestamp = {2013.10.04}
}

@ARTICLE{D'Agostini:1994zf,
  author = {D'Agostini, G.},
  title = {A Multidimensional unfolding method based on Bayes' theorem},
  journal = {Nucl. Instrum. Meth. A},
  year = {1995},
  volume = {362},
  pages = {487},
  doi = {10.1016/0168-9002(95)00274-X},
  review = {D'Agostini iterative unfolding reference; referred to in StatComm unfolding issues #6},
  slaccitation = {%%CITATION = NUIMA,A362,487;%%},
  timestamp = {2013.05.16}
}

@ARTICLE{Ball:2012cx,
  author = {Ball, Richard D. and others},
  title = {Parton distributions with {LHC} data},
  journal = {Nucl. Phys. B},
  year = {2013},
  volume = {867},
  pages = {244},
  archiveprefix = {arXiv},
  doi = {10.1016/j.nuclphysb.2012.10.003},
  eprint = {1207.1303},
  primaryclass = {hep-ph},
  reportnumber = {EDINBURGH-2012-08, IFUM-FT-997, FR-PHENO-2012-014, RWTH-TTK-12-25, CERN-PH-TH-2012-037, SFB-CPP-12-47},
  review = {NNPDF 2.3 PDF Reference},
  slaccitation = {%%CITATION = ARXIV:1207.1303;%%},
  timestamp = {2013.05.14}
}

@INPROCEEDINGS{Britzger:2012bs,
  author = {Britzger, Daniel and Rabbertz, Klaus and Stober, Fred and Wobisch, Markus},
  title = {New features in version 2 of the {fastNLO} project},
  booktitle = {Proceedings, XX.\ International Workshop on Deep-Inelastic Scattering and Related Subjects ({DIS} 2012)},
  year = {2012},
  pages = {217},
  address = {Bonn, Germany, March 26-30},
  archiveprefix = {arXiv},
  doi = {10.3204/DESY-PROC-2012-02/165},
  eprint = {1208.3641},
  journal = {Conf. Proc.},
  primaryclass = {hep-ph},
  review = {fastNLO v2 Reference},
  slaccitation = {%%CITATION = ARXIV:1208.3641;%%},
  timestamp = {2013.05.13}
}

@ARTICLE{Nagy:2003tz,
  author = {Nagy, Zolt{\'a}n},
  title = {Next-to-leading order calculation of three-jet observables in hadron hadron collisions},
  journal = {Phys. Rev. D},
  year = {2003},
  volume = {68},
  pages = {094002},
  archiveprefix = {arXiv},
  doi = {10.1103/PhysRevD.68.094002},
  eprint = {hep-ph/0307268},
  review = {NLOJet++ hh Referenz},
  slaccitation = {%%CITATION = HEP-PH/0307268;%%},
  timestamp = {2013.05.13}
}

@ARTICLE{Aad:2013lpa,
  author = {Aad, Georges and others},
  title = {Measurement of the inclusive jet cross section in $pp$ collisions at $\sqrt{s}=2.76$ {TeV} and comparison to the inclusive jet cross section at $\sqrt{s}=7$ {TeV} using the {ATLAS} detector},
  journal = {Eur. Phys. J. C},
  year = {2013},
  volume = {73},
  pages = {2509},
  archiveprefix = {arXiv},
  collaboration = {ATLAS},
  doi = {10.1140/epjc/s10052-013-2509-4},
  eprint = {1304.4739},
  primaryclass = {hep-ex},
  reportnumber = {CERN-PH-EP-2013-036},
  slaccitation = {%%CITATION = ARXIV:1304.4739;%%},
  timestamp = {2013.05.12}
}

@ARTICLE{Abelev:2013fn,
  author = {Abelev, B. and others},
  title = {Measurement of the inclusive differential jet cross section in $pp$ collisions at $\sqrt{s} = 2.76$ {TeV}},
  journal = {Phys. Lett. B},
  year = {2013},
  volume = {722},
  pages = {262},
  archiveprefix = {arXiv},
  collaboration = {ALICE},
  doi = {10.1016/j.physletb.2013.04.026},
  eprint = {1301.3475},
  primaryclass = {nucl-ex},
  reportnumber = {CERN-PH-EP-2012-301},
  slaccitation = {%%CITATION = ARXIV:1301.3475;%%},
  timestamp = {2013.05.12}
}

@ARTICLE{Chatrchyan:2012bja,
  author = {Chatrchyan, Serguei and others},
  title = {Measurements of differential jet cross sections in proton-proton collisions at $\sqrt{s}=7$ {TeV} with the {CMS} detector},
  journal = {Phys. Rev. D},
  year = {2013},
  volume = {87},
  pages = {112002},
  archiveprefix = {arXiv},
  collaboration = {CMS},
  doi = {10.1103/PhysRevD.87.112002},
  eprint = {1212.6660},
  primaryclass = {hep-ex},
  reportnumber = {CMS-QCD-11-004, CMS-PH-EP-2012-343},
  slaccitation = {%%CITATION = ARXIV:1212.6660;%%},
  timestamp = {2013.05.08}
}

@ARTICLE{Chatrchyan:2013txa,
  author = {Chatrchyan, Serguei and others},
  title = {Measurement of the ratio of the inclusive 3-jet cross section to the inclusive 2-jet cross section in $pp$ collisions at {$\sqrt{s}$} = 7 {TeV} and first determination of the strong coupling constant in the {TeV} range},
  journal = {Eur. Phys. J. C},
  year = {2013},
  volume = {73},
  pages = {2604},
  archiveprefix = {arXiv},
  collaboration = {CMS},
  doi = {10.1140/epjc/s10052-013-2604-6},
  eprint = {1304.7498},
  primaryclass = {hep-ex},
  reportnumber = {CMS-QCD-11-003, CERN-PH-EP-2013-057},
  slaccitation = {%%CITATION = ARXIV:1304.7498;%%},
  timestamp = {2013.05.08}
}

@ARTICLE{Alekhin:2012ig,
  author = {Alekhin, S. and Bl{\"u}mlein, J. and Moch, S.},
  title = {Parton Distribution Functions and Benchmark Cross Sections at {NNLO}},
  journal = {Phys. Rev. D},
  year = {2012},
  volume = {86},
  pages = {054009},
  archiveprefix = {arXiv},
  doi = {10.1103/PhysRevD.86.054009},
  eprint = {1202.2281},
  primaryclass = {hep-ph},
  reportnumber = {DESY-12-023, DO-TH-11-31, LPN-12-033, SFB-CPP-12-08},
  review = {ABM11 PDF Reference},
  slaccitation = {%%CITATION = ARXIV:1202.2281;%%},
  timestamp = {2013.02.12}
}

@ARTICLE{Cacciari:2011ma,
  author = {Cacciari, Matteo and Salam, Gavin P. and Soyez, Gregory},
  title = {{FastJet} User Manual},
  journal = {Eur. Phys. J. C},
  year = {2012},
  volume = {72},
  pages = {1896},
  archiveprefix = {arXiv},
  doi = {10.1140/epjc/s10052-012-1896-2},
  eprint = {1111.6097},
  primaryclass = {hep-ph},
  reportnumber = {CERN-PH-TH-2011-297},
  review = {fastjet Reference},
  slaccitation = {%%CITATION = ARXIV:1111.6097;%%},
  timestamp = {2012.05.31}
}

@ARTICLE{Chatrchyan:2011ab,
  author = {Chatrchyan, Serguei and others},
  title = {Measurement of the Inclusive Jet Cross Section in {pp} Collisions at $\sqrt{s}=7$ {TeV}},
  journal = {Phys. Rev. Lett.},
  year = {2011},
  volume = {107},
  pages = {132001},
  archiveprefix = {arXiv},
  collaboration = {CMS},
  doi = {10.1103/PhysRevLett.107.132001},
  eprint = {1106.0208},
  primaryclass = {hep-ex},
  reportnumber = {CERN-PH-EP-2011-053, CMS-QCD-10-011},
  slaccitation = {%%CITATION = ARXIV:1106.0208;%%},
  timestamp = {2012.02.25}
}

@ARTICLE{Chatrchyan:2012gw,
  author = {Chatrchyan, Serguei and others},
  title = {Measurement of the inclusive production cross sections for forward jets and for dijet events with one forward and one central jet in {pp} collisions at $\sqrt{s}=7$ {TeV}},
  journal = {JHEP},
  year = {2012},
  volume = {06},
  pages = {036},
  archiveprefix = {arXiv},
  collaboration = {CMS},
  doi = {10.1007/JHEP06(2012)036},
  eprint = {1202.0704},
  primaryclass = {hep-ex},
  reportno = {CMS-FWD-11-002, CERN-PH-EP-2011-179},
  slaccitation = {%%CITATION = ARXIV:1202.0704;%%},
  timestamp = {2012.02.25}
}

@ARTICLE{Aad:2010wv,
  author = {Aad, G. and others},
  title = {Measurement of inclusive jet and dijet cross sections in proton-proton collisions at 7 {TeV} centre-of-mass energy with the {ATLAS} detector},
  journal = {Eur. Phys. J. C},
  year = {2011},
  volume = {71},
  pages = {1512},
  archiveprefix = {arXiv},
  collaboration = {ATLAS},
  doi = {10.1140/epjc/s10052-010-1512-2},
  eprint = {1009.5908},
  primaryclass = {hep-ex},
  reportnumber = {CERN-PH-EP-2010-034},
  slaccitation = {%%CITATION = ARXIV:1009.5908;%%},
  timestamp = {2012.02.23}
}

@ARTICLE{Aad:2011fc,
  author = {Aad, Georges and others},
  title = {Measurement of inclusive jet and dijet production in $pp$ collisions at $\sqrt{s}=7$ {TeV} using the {ATLAS} detector},
  journal = {Phys. Rev. D},
  year = {2012},
  volume = {86},
  pages = {014022},
  archiveprefix = {arXiv},
  collaboration = {ATLAS},
  doi = {10.1103/PhysRevD.86.014022},
  eprint = {1112.6297},
  primaryclass = {hep-ex},
  reportnumber = {CERN-PH-EP-2011-192},
  slaccitation = {%%CITATION = ARXIV:1112.6297;%%},
  timestamp = {2012.02.23}
}

@ARTICLE{Chatrchyan:2011ds,
  author = {Chatrchyan, Serguei and others},
  title = {Determination of Jet Energy Calibration and Transverse Momentum Resolution in {CMS}},
  journal = {JINST},
  year = {2011},
  volume = {6},
  pages = {P11002},
  archiveprefix = {arXiv},
  collaboration = {CMS},
  doi = {10.1088/1748-0221/6/11/P11002},
  eprint = {1107.4277},
  primaryclass = {physics.ins-det},
  reportnumber = {CMS-JME-10-011, CERN-PH-EP-2011-102},
  review = {CMS JEC & JER 7 TeV 2010, jet energy calibration, jet energy resolution},
  slaccitation = {%%CITATION = ARXIV:1107.4277;%%},
  timestamp = {2012.02.23}
}

@INPROCEEDINGS{Adye:2011gm,
  author = {Adye, Tim},
  title = {Unfolding algorithms and tests using {RooUnfold}},
  booktitle = {Proceedings, {PHYSTAT} 2011 Workshop on Statistical Issues Related to Discovery Claims in Search Experiments and Unfolding},
  year = {2011},
  pages = {313},
  address = {Geneva, Switzerland, January 17-20},
  archiveprefix = {arXiv},
  doi = {10.5170/CERN-2011-006},
  eprint = {1105.1160},
  journal = {Conf. Proc.},
  keywords = {Physics - Data Analysis, Statistics and Probability, High Energy Physics - Experiment},
  primaryclass = {physics.data-an},
  review = {RooUnfold framework reference; D'Agostini iterative and SVD regularization},
  slaccitation = {%%CITATION = ARXIV:1105.1160;%%},
  timestamp = {2011.07.22}
}

@ARTICLE{Khachatryan:2010nk,
  author = {Khachatryan, Vardan and others},
  title = {Charged particle multiplicities in $pp$ interactions at $\sqrt{s}=0.9$, 2.36, and 7 {TeV}},
  journal = {JHEP},
  year = {2011},
  volume = {01},
  pages = {079},
  archiveprefix = {arXiv},
  collaboration = {CMS},
  doi = {10.1007/JHEP01(2011)079},
  eprint = {1011.5531},
  primaryclass = {hep-ex},
  reportnumber = {CMS-PAP-QCD-10-004},
  slaccitation = {%%CITATION = ARXIV:1011.5531;%%},
  timestamp = {2011.02.05}
}

@ARTICLE{Lai:2010vv,
  author = {Lai, Hung-Liang and Guzzi, Marco and Huston, Joey and Li, Zhao and Nadolsky, Pavel M. and Pumplin, Jon and Yuan, C.-P.},
  title = {New parton distributions for collider physics},
  journal = {Phys. Rev. D},
  year = {2010},
  volume = {82},
  pages = {074024},
  archiveprefix = {arXiv},
  doi = {10.1103/PhysRevD.82.074024},
  eprint = {1007.2241},
  primaryclass = {hep-ph},
  review = {CT10 PDF Reference},
  slaccitation = {%%CITATION = ARXIV:1007.2241;%%},
  timestamp = {2010.12.20}
}

@ARTICLE{Martin:2009iq,
  author = {Martin, A. D. and Stirling, W. J. and Thorne, R. S. and Watt, G.},
  title = {Parton distributions for the {LHC}},
  journal = {Eur. Phys. J. C},
  year = {2009},
  volume = {63},
  pages = {189},
  archiveprefix = {arXiv},
  doi = {10.1140/epjc/s10052-009-1072-5},
  eprint = {0901.0002},
  primaryclass = {hep-ph},
  review = {MSTW2008 PDF Reference},
  slaccitation = {%%CITATION = 0901.0002;%%},
  timestamp = {2010.12.20}
}

@ARTICLE{Agostinelli:2002hh,
  author = {Agostinelli, S. and others},
  title = {{GEANT4}: A Simulation toolkit},
  journal = {Nuclear Instruments \& Methods in Physics Research A},
  year = {2003},
  volume = {506},
  pages = {250},
  doi = {10.1016/S0168-9002(03)01368-8},
  slaccitation = {%%CITATION = NUIMA,A506,250;%%},
  timestamp = {2010.05.15}
}

@ARTICLE{Bahr:2008pv,
  author = {B{\"a}hr, M. and Gieseke, S. and Gigg, M.A. and Grellscheid, D. and Hamilton, K. and Latunde-Dada, O. and Pl{\"a}tzer, S. and Richardson, P. and Seymour, M. H. and Sherstnev, A. and Webber, B. R.},
  title = {Herwig++ Physics and Manual},
  journal = {Eur. Phys. J. C},
  year = {2008},
  volume = {58},
  pages = {639},
  archiveprefix = {arXiv},
  doi = {10.1140/epjc/s10052-008-0798-9},
  eprint = {0803.0883},
  primaryclass = {hep-ph},
  review = {Herwig++ Reference},
  slaccitation = {%%CITATION = 0803.0883;%%},
  timestamp = {2009.03.04}
}

@ARTICLE{Cacciari:2008gp,
  author = {Cacciari, Matteo and Salam, Gavin P. and Soyez, Gregory},
  title = {The {anti-$k_t$} jet clustering algorithm},
  journal = {JHEP},
  year = {2008},
  volume = {04},
  pages = {063},
  archiveprefix = {arXiv},
  doi = {10.1088/1126-6708/2008/04/063},
  eprint = {0802.1189},
  primaryclass = {hep-ph},
  review = {anti-kT Jet Algorithm Reference},
  slaccitation = {%%CITATION = 0802.1189;%%},
  timestamp = {2009.03.02}
}

@ARTICLE{Nagy:2001fj,
  author = {Nagy, Zolt{\'a}n},
  title = {Three jet cross-sections in hadron hadron collisions at next-to-leading order},
  journal = {Phys. Rev. Lett.},
  year = {2002},
  volume = {88},
  pages = {122003},
  archiveprefix = {arXiv},
  doi = {10.1103/PhysRevLett.88.122003},
  eprint = {hep-ph/0110315},
  review = {NLOJet++ hh Referenz},
  slaccitation = {%%CITATION = HEP-PH/0110315;%%},
  timestamp = {2009.03.02}
}

@ARTICLE{Pumplin:2002vw,
  author = {Pumplin, J. and Stump, D.R. and Huston, J. and Lai, H.L. and Nadolsky, Pavel M. and others},
  title = {New generation of parton distributions with uncertainties from global {QCD} analysis},
  journal = {JHEP},
  year = {2002},
  volume = {07},
  pages = {012},
  archiveprefix = {arXiv},
  doi = {10.1088/1126-6708/2002/07/012},
  eprint = {hep-ph/0201195},
  review = {CTEQ6L1 PDF Reference},
  slaccitation = {%%CITATION = HEP-PH/0201195;%%},
  timestamp = {2009.03.02}
}

@ARTICLE{Sjostrand:2006za,
  author = {Sj{\"o}strand, Torbj{\"o}rn and Mrenna, Stephen and Skands, Peter Z.},
  title = {PYTHIA 6.4 Physics and Manual},
  journal = {JHEP},
  year = {2006},
  volume = {05},
  pages = {026},
  archiveprefix = {arXiv},
  doi = {10.1088/1126-6708/2006/05/026},
  eprint = {hep-ph/0603175},
  review = {The PYTHIA 6 Reference},
  slaccitation = {%%CITATION = HEP-PH/0603175;%%},
  timestamp = {2009.03.02}
}


@article{theory_results,
      author         = "Badger, Simon and Biedermann, Benedikt and Uwer, Peter
                        and Yundin, Valery",
      title          = "{Next-to-leading order QCD corrections to five jet
                        production at the LHC}",
      journal        = "Phys. Rev.",
      volume         = "D89",
      year           = "2014",
      number         = "3",
      pages          = "034019",
      doi            = "10.1103/PhysRevD.89.034019",
      eprint         = "1309.6585",
      archivePrefix  = "arXiv",
      primaryClass   = "hep-ph",
      SLACcitation   = "%%CITATION = ARXIV:1309.6585;%%"
}

@article{bib:madgraph5,
      author         = "Alwall, Johan and Herquet, Michel and Maltoni, Fabio and
                        Mattelaer, Olivier and Stelzer, Tim",
      title          = "{MadGraph} 5: going beyond",
      journal        = "JHEP",
      volume         = "06",
      pages          = "128",
      doi            = "10.1007/JHEP06(2011)128",
      year           = "2011",
      eprint         = "1106.0522",
      archivePrefix  = "arXiv",
      primaryClass   = "hep-ph",
      reportNumber   = "FERMILAB-PUB-11-448-T",
      SLACcitation   = "%%CITATION = ARXIV:1106.0522;%%",
}

@TECHREPORT{bib:vertex,
     COLLABORATION = "CMS",
     TITLE       = "Tracking and Primary Vertex Results in First 7 {TeV} Collisions",
     AUTHOR      = "{CMS Collaboration}",
     URL         = "http://cdsweb.cern.ch/record/1279383",
     TYPE        = "CMS Physics Analysis Summary",
     NUMBER      = "CMS-PAS-TRK-10-005",
     YEAR        = "2010"
}

@TECHREPORT{JERC:Resolution,
  title = {Jet Energy Resolution Twiki},
  year = {2012},
  collaboration = {CMS},
  url = {https://twiki.cern.ch/twiki/bin/view/CMS/JetResolution}
}

@TECHREPORT{bib:JES_2013,
  AUTHOR      = "{CMS Collaboration}",
  title = {Jet Energy Scale and Resolution in the 8 TeV pp data},
  type = {CMS Physics Summary},
  year = {2013},
  number = {CMS-PAS-JME-13-004},
  collaboration = {CMS},
}

@TECHREPORT{CMS:2015haa,
      author         = "CMS Collaboration",
      title          = "{Measurement of the double-differential inclusive jet cross section at sqrt(s) = 8 TeV}",
      collaboration  = "{CMS}",
      type = {CMS Physics Summary},
      year           = "2015",
      number   = "CMS-PAS-SMP-14-001",
      SLACcitation   = "%%CITATION = CMS-PAS-SMP-14-001;%%"
}

@ARTICLE{Whalley:2005nh,
  author = {Whalley, M. R. and Bourilkov, D. and Group, R. C.},
  title = {The Les Houches Accord PDFs (LHAPDF) and Lhaglue},
  year = {2005},
  archiveprefix = {arXiv},
  eprint = {hep-ph/0508110},
  review = {The LHAPDF Reference},
  slaccitation = {%%CITATION = HEP-PH/0508110;%%}
}

@ARTICLE{Martin:2009bu,
  author = {Martin, A. D. and Stirling, W. J. and Thorne, R. S. and Watt, G.},
  title = {Uncertainties on $\alpha_S$ in global PDF analyses and implications for predicted hadronic cross sections},
  journal = {Eur. Phys. J. C},
  year = {2009},
  volume = {64},
  pages = {653},
  archiveprefix = {arXiv},
  doi = {10.1140/epjc/s10052-009-1164-2},
  eprint = {0905.3531},
  primaryclass = {hep-ph},
  reportnumber = {IPPP-09-33, DCPT-09-66, CAVENDISH-HEP-09-06},
  slaccitation = {%%CITATION = ARXIV:0905.3531;%%},
  timestamp = {2013.02.12}
}

@ARTICLE{Dulat:2015mca,
  author = {Dulat, Sayipjamal and Hou, Tie-Jiun and Gao, Jun and Guzzi, Marco and Huston, Joey and Nadolsky, Pavel and Pumplin, Jon and Schmidt, Carl and Stump, Daniel and Yuan, C. P.},
  title = {New parton distribution functions from a global analysis of quantum chromodynamics},
  journal = {Phys. Rev. D},
  year = {2016},
  volume = {93},
  pages = {033006},
  archiveprefix = {arXiv},
  doi = {10.1103/PhysRevD.93.033006},
  eprint = {1506.07443},
  primaryclass = {hep-ph},
  slaccitation = {%%CITATION = ARXIV:1506.07443;%%},
  timestamp = {2016.04.10}
}

@ARTICLE{Abramowicz:2015mha,
  author = {Abramowicz, H. and others},
  title = {Combination of measurements of inclusive deep inelastic ${e^{\pm }p}$ scattering cross sections and {QCD} analysis of {HERA} data},
  journal = {Eur. Phys. J. C},
  year = {2015},
  volume = {75},
  pages = {580},
  archiveprefix = {arXiv},
  collaboration = {H1, ZEUS},
  doi = {10.1140/epjc/s10052-015-3710-4},
  eprint = {1506.06042},
  primaryclass = {hep-ex},
  reportnumber = {DESY-15-039},
  slaccitation = {%%CITATION = ARXIV:1506.06042;%%},
  timestamp = {2016.03.13}
}

@ARTICLE{Ball:2014uwa,
  author = {Ball, Richard D. and others},
  title = {Parton distributions for the {LHC} Run {II}},
  journal = {JHEP},
  year = {2015},
  volume = {04},
  pages = {040},
  archiveprefix = {arXiv},
  collaboration = {NNPDF},
  doi = {10.1007/JHEP04(2015)040},
  eprint = {1410.8849},
  primaryclass = {hep-ph},
  reportnumber = {EDINBURGH-2014-15, IFUM-1034-FT, CERN-PH-TH-2013-253, OUTP-14-11P, CAVENDISH-HEP-14-11},
  slaccitation = {%%CITATION = ARXIV:1410.8849;%%},
  timestamp = {2015.07.13}
}

@article{Nason:2004rx,
  author         = "Nason, Paolo",
  title          = "{A New method for combining NLO QCD with shower Monte Carlo algorithms}",
  journal        = "JHEP",
  volume         = "11",
  year           = "2004",
  pages          = "040",
  doi            = "10.1088/1126-6708/2004/11/040",
  eprint         = "hep-ph/0409146",
  archivePrefix  = "arXiv",
  primaryClass   = "hep-ph",
  reportNumber   = "BICOCCA-FT-04-11",
  SLACcitation   = "%%CITATION = HEP-PH/0409146;%%"
}

@article{Frixione:2007vw,
  author         = "Frixione, Stefano and Nason, Paolo and Oleari, Carlo",
  title          = "{Matching NLO QCD computations with Parton Shower simulations: the POWHEG method}",
  journal        = "JHEP",
  volume         = "11",
  year           = "2007",
  pages          = "070",
  doi            = "10.1088/1126-6708/2007/11/070",
  eprint         = "0709.2092",
  archivePrefix  = "arXiv",
  primaryClass   = "hep-ph",
  reportNumber   = "BICOCCA-FT-07-9, GEF-TH-21-2007",
  SLACcitation   = "%%CITATION = ARXIV:0709.2092;%%"
}

@article{Alioli:2010xa,
  author         = "Alioli, Simone and Hamilton, Keith and Nason, Paolo and
    Oleari, Carlo and Re, Emanuele",
  title          = "{Jet pair production in POWHEG}",
  journal        = "JHEP",
  volume         = "04",
  year           = "2011",
  pages          = "081",
  doi            = "10.1007/JHEP04(2011)081",
  eprint         = "1012.3380",
  archivePrefix  = "arXiv",
  primaryClass   = "hep-ph",
  reportNumber   = "DESY-10-233, SFB-CPP-10-128, IPPP-10-100, DCPT-10-200,
  MCNET-10-23",
  SLACcitation   = "%%CITATION = ARXIV:1012.3380;%%"
}

@unpublished{Khachatryan:2015pea,
  author         = "Khachatryan, Vardan and others",
  title          = "{Event generator tunes obtained from underlying event and multiparton scattering measurements}",
  collaboration  = "CMS",
  year           = "{2015}",
  eprint         = "1512.00815",
  archivePrefix  = "arXiv",
  primaryClass   = "hep-ex",
  reportNumber   = "CMS-GEN-14-001, CERN-PH-EP-2015-291",
  SLACcitation   = "%%CITATION = ARXIV:1512.00815;%%"
}

@ARTICLE{Dittmaier:2012kx,
  author = {Dittmaier, Stefan and Huss, Alexander and Speckner, Christian},
  title = {Weak radiative corrections to dijet production at hadron colliders},
  journal = {JHEP},
  year = {2012},
  volume = {11},
  pages = {095},
  archiveprefix = {arXiv},
  doi = {10.1007/JHEP11(2012)095},
  eprint = {1210.0438},
  primaryclass = {hep-ph},
  reportnumber = {FR-PHENO-2012-024},
  slaccitation = {%%CITATION = ARXIV:1210.0438;%%},
  timestamp = {2013.06.05}
}

@article{D0Alpha1,
  title = {Determination of the strong coupling constant from the inclusive jet cross section in collisions at $\sqrt{s}$ = 1.96 TeV},
  collaboration = {D0},
  journal = {Phys. Rev. D},
  volume = {80},
  issue = {11},
  pages = {111107},
  numpages = {7},
  year = {2009},
  month = {Dec},
  publisher = {American Physical Society},
  doi = {10.1103/PhysRevD.80.111107},
  url = {http://link.aps.org/doi/10.1103/PhysRevD.80.111107}
}

@article{D0Alpha2,
      author         = "Abazov, Victor Mukhamedovich and others",
      title          = "{Measurement of angular correlations of jets at
                        $\sqrt{s}=1.96$ TeV and determination of the strong
                        coupling at high momentum transfers}",
      collaboration  = "D0 Collaboration",
      journal        = "Phys.Lett.",
      volume         = "B718",
      pages          = "56-63",
      doi            = "10.1016/j.physletb.2012.10.003",
      year           = "2012",
      eprint         = "1207.4957",
      archivePrefix  = "arXiv",
      primaryClass   = "hep-ex",
      reportNumber   = "FERMILAB-PUB-12-397-E"
}

@article{ALPHASCDF,
  title = {Measurement of the Strong Coupling Constant from Inclusive Jet Production at the Tevatron Collider},
  author = {Affolder, T. et al},
  collaboration = {CDF },
  journal = {Phys. Rev. Lett.},
  volume = {88},
  issue = {4},
  pages = {042001},
  numpages = {6},
  year = {2002},
  month = {Jan},
  publisher = {American Physical Society},
  doi = {10.1103/PhysRevLett.88.042001},
  url = {http://link.aps.org/doi/10.1103/PhysRevLett.88.042001}
}

@article{CT10ERR,
  author={Jonathan Pumplin and Daniel Robert Stump and Joey Huston and Hung-Liang Lai and Pavel Nadolsky and Wu-Ki Tung},
  title={New Generation of Parton Distributions with Uncertainties from Global QCD Analysis},
  journal={Journal of High Energy Physics},
  volume={2002},
  number={07},
  pages={012},
  url={http://stacks.iop.org/1126-6708/2002/i=07/a=012},
  year={2002}
}

@article{NNPDFERR,
 author         = "Ball, Richard D. and Del Debbio, Luigi and Forte, Stefano
                        and Guffanti, Alberto and Latorre, Jose I. and Rojo, Juan
                        and Ubiali, Maria",
      title          = "{A first unbiased global NLO determination of parton
                        distributions and their uncertainties}",
      journal        = "Nucl. Phys.",
      volume         = "B838",
      year           = "2010",
      pages          = "136-206",
      doi            = "10.1016/j.nuclphysb.2010.05.008",
      eprint         = "1002.4407",
      archivePrefix  = "arXiv",
      primaryClass   = "hep-ph",
      reportNumber   = "EDINBURGH-2010-05, IFUM-952-FT, FR-PHENO-2010-014,
                        CP3-10-08",
      SLACcitation   = "%%CITATION = ARXIV:1002.4407;%%"
}
